% This file was created with JabRef 2.10.
% Encoding: Cp1252


@Article{agresti1998approximate,
  Title                    = {Approximate is better than ``exact'' for interval estimation of binomial proportions},
  Author                   = {Agresti, Alan and Coull, Brent A},
  Journal                  = {The American Statistician},
  Year                     = {1998},
  Number                   = {2},
  Pages                    = {119--126},
  Volume                   = {52},

  Publisher                = {Taylor \& Francis}
}

@Book{bloomfield2014using,
  Title                    = {Using R for Numerical Analysis in Science and Engineering},
  Author                   = {Bloomfield, Victor A},
  Publisher                = {CRC Press},
  Year                     = {2014},

  Date-added               = {2015-06-10 14:33:02 +0000},
  Date-modified            = {2015-06-10 14:33:02 +0000}
}

@Book{christensen2006log,
  Title                    = {Log-linear models and logistic regression},
  Author                   = {Christensen, Ronald},
  Publisher                = {Springer},
  Year                     = {2006},
  Edition                  = {2nd},
  Series                   = {Springer Texts in Statistics},

  Bdsk-url-1               = {http://www.springer.com/us/book/9780387982472;http://www.math.unm.edu/~fletcher/llm.html},
  Bdsk-url-2               = {http://dx.doi.org/10.1007/b97647},
  Date-added               = {2016-04-20 07:29:28 +0000},
  Date-modified            = {2016-04-20 07:29:28 +0000},
  Doi                      = {10.1007/b97647},
  ISBN                     = {978-0-387-22624-8},
  Url                      = {http://www.springer.com/us/book/9780387982472;http://www.math.unm.edu/~fletcher/llm.html}
}

@Article{cormack1991fisher,
  Title                    = {Fisher's exact test: the marginal totals as seen from two different angles},
  Author                   = {Cormack, RS and Mantel, N},
  Journal                  = {The Statistician},
  Year                     = {1991},
  Number                   = {1},
  Pages                    = {27--34},
  Volume                   = {40},

  Publisher                = {Blackwell}
}

@Book{crawley2005statistics,
  Title                    = {Statistics: an introduction using R. 327 p},
  Author                   = {Crawley, Michael J},
  Publisher                = {John Wiley Sons},
  Year                     = {2005},

  ISBN                     = {0-470-02297-3 (hard), 0-470-02298-1 (paper)}
}

@Book{dalgaard2008introductory,
  Title                    = {Introductory statistics with R},
  Author                   = {Dalgaard, Peter},
  Publisher                = {Springer},
  Year                     = {2008},

  ISBN                     = {978-0-387-79054-1}
}

@Article{daniel1987biostatistics,
  Title                    = {Biostatistics: a foundation for analysis in the health sciences},
  Author                   = {Daniel, Wayne W},
  Journal                  = {New York},
  Year                     = {1987}
}

@Article{david2010openintro,
  Title                    = {OpenIntro: Statistics},
  Author                   = {David, Diez M and Christopher, Barr D and Mine, Sentinkaya},
  Year                     = {2010},

  Bdsk-url-1               = {www.openintro.org},
  ISBN                     = {9781461062615},
  Publisher                = {OpenIntro},
  Url                      = {www.openintro.org}
}

@Book{dobson2011introduction,
  Title                    = {An introduction to generalized linear models},
  Author                   = {Dobson, Annette J and Barnett, Adrian},
  Publisher                = {CRC press},
  Year                     = {2011},

  Date-added               = {2015-06-01 19:21:50 +0000},
  Date-modified            = {2015-06-01 19:21:50 +0000}
}

@Article{INECensoMAdrid,
  Title                    = {Censos de Poblaci\'on y Viviendas 2011. Resultados Nacionales, por Comunidades Aut\'onomas y Provincias},
  Author                   = {Instituto Nacional de Estad\'{\i}stica},

  Bdsk-url-1               = {http://www.ine.es/jaxi/menu.do?type=pcaxis&path=/t20/e244/avance/p01/&file=pcaxis&L=0},
  Owner                    = {Fernando},
  Timestamp                = {2013.11.04},
  Url                      = {http://www.ine.es/jaxi/menu.do?type=pcaxis&path=/t20/e244/avance/p01/&file=pcaxis&L=0}
}

@Book{fahrmeir2007regression,
  Title                    = {Regression},
  Author                   = {Fahrmeir, Ludwig and Kneib, Thomas and Lang, Stefan},
  Publisher                = {Springer},
  Year                     = {2007}
}

@Article{fay2010two,
  Title                    = {Two-sided exact tests and matching confidence intervals for discrete data},
  Author                   = {Fay, Michael P},
  Journal                  = {R Journal},
  Year                     = {2010},
  Number                   = {1},
  Pages                    = {53--58},
  Volume                   = {2}
}

@Book{fox2015applied,
  Title                    = {Applied regression analysis and generalized linear models},
  Author                   = {Fox, John},
  Publisher                = {Sage Publications},
  Year                     = {2015}
}

@Book{EstadisticaComic,
  Title                    = {La estad{\'\i}stica en c{\'o}mic},
  Author                   = {Larry Gonick and Woollcott Smith},
  Publisher                = {Editorial Zendrera Zariquiey},
  Year                     = {1993},

  Owner                    = {marcos},
  Timestamp                = {2013.05.31}
}

@Book{garcia2009estadistica,
  Title                    = {Estad{\'\i}stica b{\'a}sica para estudiantes de ciencias},
  Author                   = {Gorgas, Javier and Cardiel, Nicol{\'a}s and Zamorano, Jaime},
  Publisher                = {Universidad Complutense},
  Year                     = {2009},

  Owner                    = {Fernando},
  Timestamp                = {2013.10.24}
}

@Book{greenacre2014multivariate,
  Title                    = {Multivariate analysis of ecological data},
  Author                   = {Greenacre, Michael and Primicerio, Raul},
  Publisher                = {Fundacion BBVA},
  Year                     = {2014}
}

@Article{greenwood1950sample,
  Title                    = {Sample size required for estimating the standard deviation as a per cent of its true value},
  Author                   = {Greenwood, Joseph A and Sandomire, Marion M},
  Journal                  = {Journal of the American Statistical Association},
  Year                     = {1950},
  Number                   = {250},
  Pages                    = {257--260},
  Volume                   = {45},

  Publisher                = {Taylor \& Francis Group}
}

@Book{gutIntermediateProbability,
  Title                    = {An Intermediate Course in Probability},
  Author                   = {Gut, Allan},
  Year                     = {2009},

  Bdsk-url-1               = {http://dx.doi.org/10.1007/978-1-4419-0162-0_5},
  ISBN                     = {978-1-4419-0161-3},
  Language                 = {English},
  Url                      = {http://dx.doi.org/10.1007/978-1-4419-0162-0_5}
}

@Book{gut2006probability,
  Title                    = {Probability: A Graduate Course},
  Author                   = {Gut, Allan},
  Publisher                = {Springer Science \& Business Media},
  Year                     = {2006}
}

@Article{haftorn1985effect,
  Title                    = {The effect of temperature and clutch size on the energetic cost of incubation in a free-living blue tit (Parus caeruleus)},
  Author                   = {Haftorn, Svein and Reinertsen, Randi Eidsmo},
  Journal                  = {The Auk},
  Year                     = {1985},
  Pages                    = {470--478},

  Publisher                = {JSTOR}
}

@Book{trevor2009elements,
  Title                    = {The elements of statistical learning: data mining, inference, and prediction},
  Author                   = {Trevor J.. Hastie and Tibshirani, Robert John and Friedman, Jerome H},
  Publisher                = {Springer},
  Year                     = {2009}
}

@Book{hollander2013nonparametric,
  Title                    = {Nonparametric statistical methods},
  Author                   = {Hollander, Myles and Wolfe, Douglas A and Chicken, Eric},
  Publisher                = {John Wiley \& Sons},
  Year                     = {2013}
}

@Book{horra2003estadistica,
  Title                    = {Estad{\'\i}stica aplicada},
  Author                   = {Horra Navarro, {Juli{\'a}n de la}},
  Publisher                = {Diaz de Santos},
  Year                     = {2003},

  ISBN                     = {8479782250}
}

@Book{hosmer2013applied,
  Title                    = {Applied logistic regression},
  Author                   = {Hosmer Jr, David W and Lemeshow, Stanley and Sturdivant, Rodney X},
  Publisher                = {John Wiley \& Sons},
  Year                     = {2013},
  Volume                   = {398}
}

@Book{huff2010lie,
  Title                    = {How to Lie with Statistics},
  Author                   = {Huff, Darrell and Geis, Irving},
  Publisher                = {WW Norton \& Company},
  Year                     = {2010},

  ISBN                     = {0393310728},
  Owner                    = {Fernando},
  Timestamp                = {2013.09.05}
}

@Article{hyndman1996sample,
  Title                    = {Sample quantiles in statistical packages},
  Author                   = {Hyndman, Rob J and Fan, Yanan},
  Journal                  = {The American Statistician},
  Year                     = {1996},
  Number                   = {4},
  Pages                    = {361--365},
  Volume                   = {50},

  Owner                    = {Fernando},
  Publisher                = {Taylor \& Francis},
  Timestamp                = {2013.07.31}
}

@Book{inferenciaIpinnaDurand,
  Title                    = {Inferencia estad{\'\i}stica y an\'alisis de datos},
  Author                   = {Ipi{\~n}a, Santiago L. and Durand, Ana I.},
  Publisher                = {Pearson Prentice Hall},
  Year                     = {2008},

  ISBN                     = {9788483224045}
}

@Book{james2013introduction,
  Title                    = {An introduction to statistical learning},
  Author                   = {James, Gareth and Witten, Daniela and Hastie, Trevor and Tibshirani, Robert},
  Publisher                = {Springer},
  Year                     = {2013}
}

@Article{lydersen2009recommended,
  Title                    = {Recommended tests for association in 2$\times$ 2 tables},
  Author                   = {Lydersen, Stian and Fagerland, Morten W and Laake, Petter},
  Journal                  = {Statistics in medicine},
  Year                     = {2009},
  Number                   = {7},
  Pages                    = {1159--1175},
  Volume                   = {28},

  Publisher                = {Wiley Online Library}
}

@Article{AvutardasMadrid,
  Title                    = {{\em Censo de Avutardas de la Comunidad de Madrid, 1998}},
  Author                   = {Mart{\'\i}n, C.A. and Alonso, J.C. and Morales, M.B. and Mart{\'\i}n, E. and Lane, S.J. and Alonso, J.A.},
  Journal                  = {Anuario Ornitol{\'o}gico de Madrid 1999},
  Year                     = {1999},
  Pages                    = {46--53},

  Owner                    = {fernando},
  Timestamp                = {2013.06.06}
}

@Book{milton2001,
  Title                    = {Estad{\'\i}stica para biolog{\'\i}a y ciencias de la salud},
  Author                   = {Milton, J Susan},
  Publisher                = {MacGraw-Hill Iberoamericana},
  Year                     = {2001},
  Edition                  = {tercera},

  ISBN                     = {8448603214},
  Owner                    = {Fernando},
  Timestamp                = {2013.09.05}
}

@Book{montgomery2007introduction,
  Title                    = {Introduction to statistical quality control},
  Author                   = {Montgomery, Douglas C},
  Publisher                = {John Wiley \& Sons},
  Year                     = {2007}
}

@Article{neukum1975study,
  Title                    = {A study of lunar impact crater size-distributions},
  Author                   = {Neukum, Gerhard and K{\"o}nig, Beate and Arkani-Hamed, Jafar},
  Journal                  = {The Moon},
  Year                     = {1975},
  Number                   = {2},
  Pages                    = {201--229},
  Volume                   = {12},

  Publisher                = {Springer}
}

@Article{orozco2012tendencias,
  Title                    = {Tendencias en mortalidad por infarto de miocardio. Estudio comparativo entre Espa{\~n}a y Estados Unidos: 1990-2006},
  Author                   = {Orozco-Beltran, Domingo and Cooper, Richard S and Gil-Guillen, Vicente and Bertomeu-Martinez, Vicente and Pita-Fernandez, Salvador and Durazo-Arvizu, Ram{\'o}n and Carratala-Munuera, Concepci{\'o}n and Cea-Calvo, Luis and Bertomeu-Gonzalez, Vicente and Seoane-Pillado, Teresa and others},
  Journal                  = {Revista Espa{\~n}ola de Cardiolog{\'\i}a},
  Year                     = {2012},

  Publisher                = {Elsevier}
}

@Book{quinn2002experimental,
  Title                    = {Experimental design and data analysis for biologists},
  Author                   = {Quinn, G Gerald Peter and Keough, Michael J},
  Publisher                = {Cambridge University Press},
  Year                     = {2002},

  ISBN                     = {9780521009768}
}

@Manual{Rcite,
  Title                    = {R: A Language and Environment for Statistical Computing},

  Address                  = {Vienna, Austria},
  Author                   = {{R Core Team}},
  Organization             = {R Foundation for Statistical Computing},
  Year                     = {2014},

  Bdsk-url-1               = {http://www.R-project.org},
  Url                      = {http://www.R-project.org}
}

@Article{reiertsen2012climate,
  Title                    = {Climate fluctuations and differential survival of bridled and non-bridled common guillemots Uria aalge},
  Author                   = {Reiertsen, Tone K and Erikstad, Kjell Einar and Barrett, Robert T and Sandvik, Hanno and Yoccoz, Nigel G},
  Journal                  = {Ecosphere},
  Year                     = {2012},
  Number                   = {6},
  Pages                    = {art52},
  Volume                   = {3},

  Owner                    = {Fernando},
  Publisher                = {Eco Soc America},
  Timestamp                = {2013.11.04}
}

@Book{rice2007mathematical,
  Title                    = {Mathematical statistics and data analysis},
  Author                   = {Rice, John A},
  Publisher                = {Cengage Learning},
  Year                     = {2007},

  ISBN                     = {0534399428}
}

@Book{rosner2011fundamentals,
  Title                    = {Fundamentals of biostatistics},
  Author                   = {Rosner, Bernard A},
  Publisher                = {CengageBrain. com},
  Year                     = {2011}
}

@TechReport{Rossum:1995:PRM:869369,
  Title                    = {Python Reference Manual},
  Author                   = {Rossum, Guido},
  Year                     = {1995},

  Address                  = {Amsterdam, The Netherlands, The Netherlands},

  Publisher                = {CWI (Centre for Mathematics and Computer Science)},
  Source                   = {http://www.ncstrl.org:8900/ncstrl/servlet/search?formname=detail\&id=oai%3Ancstrlh%3Aercim_cwi%3Aercim.cwi%2F%2FCS-R9525}
}

@Book{rumsey2009statistics,
  Title                    = {Statistics II for dummies},
  Author                   = {Rumsey, Deborah},
  Publisher                = {John Wiley \& Sons},
  Year                     = {2009}
}

@Book{schonberger2013big,
  Title                    = {Big data: la revoluci{\'o}n de los datos masivos},
  Author                   = {Sch{\"o}nberger, Viktor Mayer and Cukier, Kenneth},
  Publisher                = {Turner},
  Year                     = {2013}
}

@Book{schutt2013doing,
  Title                    = {Doing data science: Straight talk from the frontline},
  Author                   = {Schutt, Rachel and O'Neil, Cathy},
  Publisher                = {" O'Reilly Media, Inc."},
  Year                     = {2013}
}

@Book{Shao_2003_book,
  Title                    = {Mathematical Statistics},
  Author                   = {Shao, Jun},
  Publisher                = {Springer-Verlag New York Inc},
  Year                     = {2003},
  Edition                  = {2nd},

  Added-at                 = {2009-06-03T11:20:58.000+0200},
  Biburl                   = {http://www.bibsonomy.org/bibtex/227080faa7055bcabc2f622ca5b4328b7/hake},
  Description              = {The whole bibliography file I use.},
  Interhash                = {f2fc7d890a05fb4bb91184dd35bd0459},
  Intrahash                = {27080faa7055bcabc2f622ca5b4328b7},
  Keywords                 = {imported},
  Timestamp                = {2009-06-03T11:21:30.000+0200}
}

@Book{sheather2009modern,
  Title                    = {A modern Approach to Regression with R},
  Author                   = {Sheather, Simon J},
  Publisher                = {Springer},
  Year                     = {2009},
  Volume                   = {58},

  ISBN                     = {978-0-387-09608-7}
}

@Book{silver2012signal,
  Title                    = {The Signal and the Noise: The Art and Science of Prediction},
  Author                   = {Silver, Nate},
  Publisher                = {Allen Lane},
  Year                     = {2012},

  ISBN                     = {978-1594204111}
}

@Book{steele2010beautiful,
  Title                    = {Beautiful visualization: looking at data through the eyes of experts},
  Author                   = {Steele, Julie and Iliinsky, Noah},
  Publisher                = {" O'Reilly Media, Inc."},
  Year                     = {2010}
}

@Book{underwood1997experiments,
  Title                    = {Experiments in ecology: their logical design and interpretation using analysis of variance},
  Author                   = {Underwood, Antony James},
  Publisher                = {Cambridge University Press},
  Year                     = {1997}
}

@Book{LibroUniversidadCadiz,
  Title                    = {Estad{\'\i}stica B{\'a}sica con R y R--Commander},
  Author                   = {V.V.A.A.},
  Publisher                = {Servicio de publicaciones de la Universidad de C{\'a}diz},
  Year                     = {2008},

  Owner                    = {marcos},
  Timestamp                = {2013.05.31}
}

@Book{deanVoss1999design,
  Title                    = {Design and Analysis of Experiments},
  Author                   = {Voss, Dean and others},
  Publisher                = {Springer},
  Year                     = {1999}
}

@Book{wasserman2013all,
  Title                    = {All of statistics: a concise course in statistical inference},
  Author                   = {Wasserman, Larry},
  Publisher                = {Springer Science \& Business Media},
  Year                     = {2013}
}

@comment{jabref-meta: selector_keywords:}

@comment{jabref-meta: selector_journal:}

@comment{jabref-meta: selector_publisher:}

@comment{jabref-meta: selector_author:}

